<ns0:record xmlns:ns0="http://www.openarchives.org/OAI/2.0/" xmlns:ns1="http://www.loc.gov/MARC21/slim" xmlns:xsi="http://www.w3.org/2001/XMLSchema-instance">
	<ns0:header>
		<ns0:identifier>oai:hindawi.com:10.1155/2022/8155214</ns0:identifier>
		<ns0:datestamp>2022-01-29T06:05:03Z</ns0:datestamp>
		<ns0:setSpec>HINDAWI.AHEP:2022</ns0:setSpec>
	</ns0:header>
	<ns0:metadata>
		<ns1:record xsi:schemaLocation="http://www.loc.gov/MARC21/slim http://www.loc.gov/standards/marcxml/schema/MARC21slim.xsd">
			<ns0:datafield tag="024" ind1="7" ind2=" ">
				<ns0:subfield code="2">DOI</ns0:subfield>
			</ns0:datafield>
			<ns0:datafield tag="037" ind1=" " ind2=" ">
				<ns0:subfield code="9">arXiv</ns0:subfield>
				<ns0:subfield code="a">arXiv:1608.04627</ns0:subfield>
			</ns0:datafield>
			<ns0:datafield tag="100" ind1=" " ind2=" ">
				<ns0:subfield code="a">Malik, R. P.</ns0:subfield>
				<ns0:subfield code="u">Physics Department, Institute of Science, Banaras Hindu University, Varanasi 221005, India</ns0:subfield>
				<ns0:subfield code="u">DST Centre for Interdisciplinary Mathematical Sciences, Institute of Science, Banaras Hindu University, Varanasi 221005, India</ns0:subfield>
				<ns0:subfield code="j">https://orcid.org/0000-0002-1177-5915</ns0:subfield>
			</ns0:datafield>
			<ns0:datafield tag="245" ind1=" " ind2=" ">
			</ns0:datafield>
			<ns0:datafield tag="260" ind1=" " ind2=" ">
				<ns0:subfield code="b">Hindawi</ns0:subfield>
				<ns0:subfield code="c">2022-01-29</ns0:subfield>
			</ns0:datafield>
			<ns0:datafield tag="300" ind1=" " ind2=" ">
				<ns0:subfield code="a">14</ns0:subfield>
			</ns0:datafield>
			<ns0:datafield tag="520" ind1=" " ind2=" ">
				<ns0:subfield code="a">Within the framework of the Becchi-Rouet-Stora-Tyutin (BRST) formalism, we discuss the full set of proper BRST and anti-BRST transformations for a 2D diffeomorphism invariant theory which is described by the Lagrangian density of a standard bosonic string. The above (anti-)BRST transformations are off-shell nilpotent and absolutely anticommuting. The latter property is valid on a submanifold of the space of quantum fields where the 2D version of the universal (anti-)BRST invariant Curci-Ferrari (CF) type of restrictions is satisfied. We derive the precise forms of the BRST and anti-BRST invariant Lagrangian densities as well as the exact expressions for the conserved (anti-)BRST and ghost charges. The lucid derivation of the proper anti-BRST symmetry transformations and the emergence of the CF-type restrictions are completely novel results for our present bosonic string which has already been discussed earlier in literature where only the BRST symmetry transformations have been pointed out. We briefly mention the derivation of the CF-type restrictions from the modified version of the Bonora-Tonin superfield approach, too.</ns0:subfield>
			</ns0:datafield>
			<ns0:datafield tag="540" ind1=" " ind2=" ">
				<ns0:subfield code="a">CC-BY-3.0</ns0:subfield>
				<ns0:subfield code="u">http://creativecommons.org/licenses/by/3.0/</ns0:subfield>
			</ns0:datafield>
			<ns0:datafield tag="542" ind1=" " ind2=" ">
				<ns0:subfield code="f">Copyright &#169; 2022 R. P. Malik.</ns0:subfield>
			</ns0:datafield>
			<ns0:datafield tag="773" ind1=" " ind2=" ">
				<ns0:subfield code="p">Advances in High Energy Physics</ns0:subfield>
				<ns0:subfield code="v">2022</ns0:subfield>
				<ns0:subfield code="c">8155214</ns0:subfield>
				<ns0:subfield code="y">2022</ns0:subfield>
			</ns0:datafield>
			<ns0:datafield tag="980" ind1=" " ind2=" ">
				<ns0:subfield code="a">SCOAP3</ns0:subfield>
				<ns0:subfield code="b">Hindawi</ns0:subfield>
			</ns0:datafield>
			<ns0:datafield tag="856" ind1="4" ind2="0">
				<ns0:subfield code="u">https://doi.org/10.1155/2022/8155214</ns0:subfield>
				<ns0:subfield code="z">Full text URL</ns0:subfield>
			</ns0:datafield>
		</ns1:record>
	</ns0:metadata>
</ns0:record>
		
